@article{ylonen2006secure,
  title={The secure shell (SSH) protocol architecture},
  author={Ylonen, Tatu and Lonvick, Chris},
  year={2006}
}

@phdthesis{pereira2008sistema,
  title={O sistema criptogr{\'a}fico de chave p{\'u}blica rsa},
  author={Pereira, Sam{\'a}ris Ramiro},
  year={2008},
  school={UNIVERSIDADE CAT{\'O}LICA DE SANTOS}
}